<?xml version="1.0" encoding="UTF-8"?><record xmlns="http://www.loc.gov/MARC21/slim" xmlns:cinclude="http://apache.org/cocoon/include/1.0" xmlns:zs="http://www.loc.gov/zing/srw/">
  <leader>00549nz  a2200145n  4500</leader>
  <controlfield tag="001">n 2015047366</controlfield>
  <controlfield tag="003">DLC</controlfield>
  <controlfield tag="005">20150731135632.0</controlfield>
  <controlfield tag="008">150731n| azannaabn          |n ana      </controlfield>
  <datafield tag="010" ind1=" " ind2=" ">
    <subfield code="a">n 2015047366</subfield>
  </datafield>
  <datafield tag="040" ind1=" " ind2=" ">
    <subfield code="a">DLC</subfield>
    <subfield code="b">eng</subfield>
    <subfield code="c">DLC</subfield>
    <subfield code="e">rda</subfield>
  </datafield>
  <datafield tag="046" ind1=" " ind2=" ">
    <subfield code="s">1952</subfield>
  </datafield>
  <datafield tag="110" ind1="2" ind2=" ">
    <subfield code="a">Xavier High School (Micronesia)</subfield>
  </datafield>
  <datafield tag="670" ind1=" " ind2=" ">
    <subfield code="a">School on the hill : Micronesia's remarkable Xavier High School, 2010</subfield>
  </datafield>
  <datafield tag="670" ind1=" " ind2=" ">
    <subfield code="a">Wikipedia, July 31, 2015</subfield>
    <subfield code="b">(Xavier High School, a Jesuit coeducational high school located on the island of Weno in Chuuk, Federated States of Micronesia; est. 1952)</subfield>
  </datafield>
</record>